
@article{chang11,
 author = {Chang, Chih-Chung and Lin, Chih-Jen},
 title = {{LIBSVM}: A library for support vector machines},
 journal = {ACM Transactions on Intelligent Systems and Technology},
 volume = {2},
 issue = {3},
 year = {2011},
 pages = {27:1--27:27},
 note =	 {Software available at {\tt http://www.csie.ntu.edu.tw/\~{ }cjlin/libsvm}}
}

@inproceedings{naf2014,
author = {Antske Fokkens and Aitor Soroa and Zuhaitz Beloki and Niels Ockeloen and German Rigau and Willem Robert van~Hage and Piek Vossen},
year = {2014},
title = {{NAF} and {GAF}: Linking Linguistic Annotations},
booktitle = {Proceedings 10th Joint {ISO-ACL} {SIGSEM} Workshop on Interoperable Semantic Annotation},
month = {May},
address = {Reykjavik, Iceland}
} 


@article{soon01,
title = "A machine learning approach to coreference resolution of noun phrases",
author = "W. M. Soon and H. T. Ng and D. C. Y. Lim",
journal = "Computational Linguistics",
volume= "27", 
number= "4",
year= "2001",
pages= "521--544"}

@inproceedings{brants00,
author = "Thorsten Brants",
title = "TnT: A Statistical Part-of-Speech Tagger",
booktitle = "Proceedings of the 6th Conference on Applied Natural Language Processing, ANLP",
year = "2000",
organization = "ACL"}

@book{karlsson95,
editor = "F. Karlsson and Atro Voutilainen and J. Heikkila and A. Anttila",
title = "Constraint Grammar: A Language--Independent System for Parsing Unrestricted Text",
publisher = "Mouton de Gruyter, Berlin and New York",
year = "1995"}

@phdthesis{padro98a,
author = "Llu\'{\i}s Padr\'o",
title = "A Hybrid Environment for Syntax--Semantic Tagging",
year = "1998",
school = "Dept. Llenguatges i Sistemes Inform\`atics. Universitat Polit\`ecnica de Catalunya",
note = "http://www.lsi.upc.edu/\~{ }padro",
month = "February"}

@inproceedings{carreras03,
author ="Xavier Carreras and Llu\'{\i}s M\`arquez and Llu\'is Padr\'o",
title = "A Simple Named Entity Extractor Using AdaBoost",
year = "2003",
booktitle ="Proceedings of CoNLL-2003 Shared Task",
address="Edmonton, Canada",
month="June"}

@techreport{roth04,
author="Dan Roth and Chad Cumby and Mark Sammons and Wen-Tau Yih",
title="A Relational Feature Extraction Language (FEX)",
publisher="Cognitive Computation Group",
institution=" University of Illinois at Urbana Champaign",
year="2004",
address="{\tt http://l2r.cs.uiuc.edu/\~{ }cogcomp/software.php}"
}

@book{fellbaum98,
editor = "Christiane Fellbaum",
title = "WordNet. An Electronic Lexical Database",
publisher = "The MIT Press",
year = "1998",
series = "Language, Speech, and Communication"}

@book{vossen98a,
editor = "Piek Vossen",
title = "EuroWordNet: A Multilingual Database with Lexical Semantic Networks",
publisher = "Kluwer Academic Publishers",
address="Dordrecht",
year = "1998"
}


@article{atserias05,
author = "Jordi Atserias and Elisabet Comelles and Aingeru Mayor",
title = "TXALA: un analizador libre de dependencias para el castellano",
journal = "Procesamiento del Lenguaje Natural",
year = "2005",
number = "35",
pages = "455--456",
month = "September"}

@inproceedings{agirre09,
author = "Eneko Agirre and Aitor Soroa",
title = "Personalizing PageRank for Word Sense Disambiguation",
booktitle = "Proceedings of the 12th conference of the European chapter of the Association for Computational Linguistics (EACL-2009)",
address = "Athens, Greece",
year = "2009"}
